@ARTICLE{Fortunato2010,
  author  = {Fortunato, S.},
  title   = {Community detection in graphs},
  journal = {Phys. Rep.-Rev. Sec. Phys. Lett.}, 
  volume  = {486},
  year    = {2010},
  pages   = {75-174}
}

@ARTICLE{Mayo,
author={Tajbakhsh, N and Gurudu, S. R. and Liang, J.},
journal={IEEE Transactions on Medical Imaging},
title={Automated Polyp Detection in Colonoscopy Videos Using Shape and Context Information},
year={2016},
volume={35},
number={2},
pages={630-644},
doi={10.1109/TMI.2015.2487997},
ISSN={1558-254X},
month={Feb},}


@article {ETIS,
	Title = {Toward embedded detection of polyps in WCE images for early diagnosis of colorectal cancer},
	Author = {Silva, Juan and Histace, Aymeric and Romain, Olivier and Dray, Xavier and Granado, Bertrand},
	DOI = {10.1007/s11548-013-0926-3},
	Number = {2},
	Volume = {9},
	Month = {March},
	Year = {2014},
	Journal = {International journal of computer assisted radiology and surgery},
	ISSN = {1861--6410},
	Pages = {283—293},
	URL = {https://doi.org/10.1007/s11548-013-0926-3},
}

@inproceedings{Vazquez17,
author    = {V{\'a}zquez, David and Bernal, Jorge and S{\'a}nchez, F Javier and Fern{\'a}ndez-Esparrach, Gloria and L{\'o}pez, Antonio M and Romero, Adriana and Drozdzal, Michal and Courville, Aaron},
  title     = {A Benchmark for Endoluminal Scene Segmentation of Colonoscopy Images},
  booktitle   = {Journal of Healthcare Engineering},
  year      = {2017},
  url       = {https://arxiv.org/abs/1612.00799},
}

@article{bernal2012,
  title={Towards automatic polyp detection with a polyp appearance model},
  author={Bernal, Jorge and S{\'a}nchez, Javier and Vilarino, Fernando},
  journal={Pattern Recognition},
  volume={45},
  number={9},
  pages={3166--3182},
  year={2012},
  publisher={Elsevier}
}

@online{EU,
  author = {Eurostat},
  title = {Causes of death - deaths by country of residence and occurrence},
  year = 2020,
  url = {https://appsso.eurostat.ec.europa.eu/nui/show.do?dataset=hlth_cd_aro&lang=en},
  XXXurl = {http://appsso.eurostat.ec.europa.eu/nui/show.do?query=BOOKMARK_DS-417849_QID_-306292AE_UID_-3F171EB0&layout=ICD10,B,X,0;GEO,L,Y,0;UNIT,L,Z,0;TIME,C,Z,1;AGE,L,Z,2;RESID,L,Z,3;SEX,L,Z,4;INDICATORS,C,Z,5;&zSelection=DS-417849TIME,2016;DS-417849SEX,T;DS-417849UNIT,NR;DS-417849INDICATORS,OBS_FLAG;DS-417849AGE,TOTAL;DS-417849RESID,TOT_RESID;&rankName1=UNIT_1_2_-1_2&rankName2=AGE_1_2_-1_2&rankName3=RESID_1_2_-1_2&rankName4=INDICATORS_1_2_-1_2&rankName5=SEX_1_2_-1_2&rankName6=TIME_1_0_0_0&rankName7=ICD10_1_2_0_0&rankName8=GEO_1_2_0_1&rStp=&cStp=&rDCh=&cDCh=&rDM=true&cDM=true&footnes=false&empty=false&wai=false&time_mode=FIXED},
  urldate = {2020-03-01}
}

@online{atlas1,
  author ={{Julio Murra-Saca MD}},
  institution={Department of Gastroenterology Hospital Centro de EmergenciasSan Salvador, El Salvador},
  title={El Salvador Atlas},
  year={2020},
  url={gastrointestinalatlas.com},
  urldate={2020-02-03}
}

@inproceedings{kvasir,
  title={Kvasir: A multi-class image dataset for computer aided gastrointestinal disease detection},
  author={Pogorelov, Konstantin and Randel, Kristin Ranheim and Griwodz, Carsten and Eskeland, Sigrun Losada and de Lange, Thomas and Johansen, Dag and Spampinato, Concetto and Dang-Nguyen, Duc-Tien and Lux, Mathias and Schmidt, Peter Thelin and others},
  booktitle={Proceedings of the 8th ACM on Multimedia Systems Conference},
  pages={164--169},
  year={2017}
}

@article{wang2017,
  title={A Prospective Validation of Deep Learning for Polyp Auto-detection during Colonoscopy: 2017 International Award: 205},
  author={Wang, Pu and Xiao, Xiao and Liu, Jingjia and Li, Liangping and Tu, Mengtian and He, Jiong and Hu, Xiao and Xiong, Fei and Xin, Yi and Liu, Xiaogang},
  journal={American Journal of Gastroenterology},
  volume={112},
  pages={S106--S110},
  year={2017},
  publisher={LWW}
}

@online{cvc3,
  author ={Bernal, J. and Aymeric, H.},
  title={MICCAI endoscopic vision challenge polyp detection and segmentation},
  year={2017},
  url={https://endovissub2017- giana.grand-challenge.org/home/},
  urldate={2019-12-03}
}
@article{kid,
  title={KID Project: an internet-based digital video atlas of capsule endoscopy for research purposes},
  author={Koulaouzidis, Anastasios and Iakovidis, Dimitris K and Yung, Diana E and Rondonotti, Emanuele and Kopylov, Uri and Plevris, John N and Toth, Ervin and Eliakim, Abraham and Johansson, Gabrielle Wurm and Marlicz, Wojciech and others},
  journal={Endoscopy international open},
  volume={5},
  number={06},
  pages={E477--E483},
  year={2017},
  publisher={{\copyright} Georg Thieme Verlag KG}
}

% online{atlas2,
%   author ={Finsterwalde},
%   institution={Departments of Internal Medicine of Finsterwalde Hospital and Aschersleben Hospital, Germany},
%   title={The Atlas of Gastrointerological Video Endoscopy},
%   year={2020},
%   url={},
%   urldate={2020-02-03}
% }

@online{atlas3,
  author={{UNED, US National Endoscopic Database}},
  title={GASTROLAB - the Gastrointestinal Image Site},
  year={2019},
  url={gastrolab.net},
  urldate={2020-02-03}
}


@misc{WHO2018,
  note = {WHO, World Health Organization -- International Agency for Research on Cancer.},
  title  = {Estimated cancer incidence, mortality and prevalence world-wide in 2018},
  howpublished = "\url{http://gco.iarc.fr/today/data/factsheets/cancers/10_8_9-Colorectum-fact-sheet.pdf}",
  year = {2018}
}

@misc{MST,
     title = {Minimal Standard Terminology for gastrointestinal endoscopy},
     author = {Organization Mondiale Endoscopia Digestive}, 
     howpublished = "\url{www.worldendo.org/assets/downloads/pdf/resources/mst/mst30.pdf}",
}


@ARTICLE{Karargyris2010,
  author  = {Karargyris, A. and Bourbakis, N.},
  title   = {Wireless capsule endoscopy and endoscopic imaging: a survey on various methodologies presented.},
  journal = {IEEE Engineering in Medicine and Biology Magazine}, 
  volume  = {29(1)},
  year    = {2010},
  pages   = {72–83}
}

@ARTICLE{Greenspan2016,
author={Greenspan, H. and van Ginneken, B. and Summers, R. M.},
journal={IEEE Transactions on Medical Imaging},
title={Guest Editorial Deep Learning in Medical Imaging: Overview and Future Promise of an Exciting New Technique},
year={2016},
volume={35},
number={5},
pages={1153-1159},
doi={10.1109/TMI.2016.2553401},
ISSN={1558-254X},
month={May},}

@article{Litjens2017,
  title={A survey on deep learning in medical image analysis},
  author={Litjens, Geert and Kooi, Thijs and Bejnordi, Babak Ehteshami and Setio, Arnaud Arindra Adiyoso and Ciompi, Francesco and Ghafoorian, Mohsen and Van Der Laak, Jeroen Awm and Van Ginneken, Bram and S{\'a}nchez, Clara I},
  journal={Medical image analysis},
  volume={42},
  pages={60--88},
  year={2017},
  publisher={Elsevier}
}
@ARTICLE{Shin2016,
author={H. {Shin} and H. R. {Roth} and M. {Gao} and L. {Lu} and Z. {Xu} and I. {Nogues} and J. {Yao} and D. {Mollura} and R. M. {Summers}},
journal={IEEE Transactions on Medical Imaging},
title={Deep Convolutional Neural Networks for Computer-Aided Detection: CNN Architectures, Dataset Characteristics and Transfer Learning},
year={2016},
volume={35},
number={5},
pages={1285-1298},
doi={10.1109/TMI.2016.2528162},
ISSN={1558-254X},
month={May},}

@ARTICLE{Dinov2016,
    title = {Methodological challenges and analytic opportunities for modeling and interpreting Big Healthcare Data},
    author={Dinov, Ivo D.},
    publisher={BioMed Central},
    ISSN={2047-217X},
    
    journal={Gigascience},
    year={2016},
    volume={5},
    pages={12},
    doi={10.1186/s13742-016-0117-6},
    month={February},
    
}



@ARTICLE{Hewett2010,
  author  = {Hewett, D.G. and Kahi, C.J and Rex, D.K.},
  title   = {Efficacy and effectiveness of colonoscopy: how do we bridge the gap?},
  journal = {Gastrointest Endosc Clin N Am.}, 
  volume  = {20},
  year    = {2010},
  pages   = {673-684}
}



@ARTICLE{Ramsoekh2010,
  author  = {Ramsoekh, Dewkoemar and Haringsma, Jelle and Poley, Jan Werner and van Putten, Paul and van Dekken, Herman and Steyerberg, Ewout W and van Leerdam, Monique E and Kuipers, Ernst J},
  title   = {A back-to-backcomparison of white light video endoscopy with autofluorescence endoscopy for adenoma detection in high-risk subjects},
  journal = {Gut}, 
  volume  = {59(3)},
  year    = {2010},
  pages   = {785-793}
}


@ARTICLE{NewmanGirvan2004,
  author  = {Newman, Mark EJ and Girvan, Michelle},
  title   = {Finding and evaluating community structure in networks},
  journal = {Phys. Rev. E.}, 
  volume  = {69},
  year    = {2004},
  pages   = {026113}
}

@ARTICLE{Vehlowetal2013,
  author  = {Vehlow, C. and Reinhardt, T. and Weiskopf, D.},
  title   = {Visualizing Fuzzy Overlapping Communities in Networks},
  journal = {IEEE Trans. Vis. Comput. Graph.}, 
  volume  = {19},
  year    = {2013},
  pages   = {2486-2495}
}

@ARTICLE{Raghavanetal2007,
  author  = {Raghavan, U. and Albert, R. and Kumara, S.},
  title   = {Near linear time algorithm to detect community structures in large-scale networks},
  journal = {Phys. Rev E.}, 
  volume  = {76},
  year    = {2007},
  pages   = {036106}
}

@ARTICLE{SubeljBajec2011a,
  author  = {\v{S}ubelj, L. and Bajec, M.},
  title   = {Robust network community detection using balanced propagation},
  journal = {Eur. Phys. J. B.}, 
  volume  = {81},
  year    = {2011},
  pages   = {353-362}
}

@ARTICLE{Louetal2013,
  author  = {Lou, H. and Li, S. and Zhao, Y.},
  title   = {Detecting community structure using label propagation with weighted coherent neighborhood propinquity},
  journal = {Physica A.}, 
  volume  = {392},
  year    = {2013},
  pages   = {3095-3105}
}

@ARTICLE{Clausetetal2004,
  author  = {Clauset, A. and Newman, M. E. J. and Moore, C.},
  title   = {Finding community structure in very large networks},
  journal = {Phys. Rev. E.}, 
  volume  = {70},
  year    = {2004},
  pages   = {066111}
}

@ARTICLE{Blondeletal2008,
  author  = {Blondel, V. D. and Guillaume, J. L. and Lambiotte, R. and Lefebvre, E.},
  title   = {Fast unfolding of communities in large networks},
  journal = {J. Stat. Mech.-Theory Exp.}, 
  volume  = {2008},
  year    = {2008},
  pages   = {P10008}
}

@ARTICLE{SobolevskyCampari2014,
  author  = {Sobolevsky, S. and Campari, R.},
  title   = {General optimization technique for high-quality community detection in complex networks},
  journal = {Phys. Rev. E.}, 
  volume  = {90},
  year    = {2014},
  pages   = {012811}
}

@ARTICLE{FortunatoBarthelemy2007,
  author  = {Fortunato, S. and Barthelemy, M.},
  title   = {Resolution limit in community detection},
  journal = {Proc. Natl. Acad. Sci. U. S. A.}, 
  volume  = {104},
  year    = {2007},
  pages   = {36-41}
}

@ARTICLE{SubeljBajec2011b,
  author  = {\v{S}ubelj, L. and Bajec, M.},
  title   = {Unfolding communities in large complex networks: Combining defensive and offensive label propagation for core extraction},
  journal = {Phys. Rev. E.}, 
  volume  = {83},
  year    = {2011},
  pages   = {036103}
}

@ARTICLE{WangLi2013,
  author  = {Wang, X. and Li, J.},
  title   = {Detecting communities by the core-vertex and intimate degree in complex networks},
  journal = {Physica A.}, 
  volume  = {392},
  year    = {2013},
  pages   = {2555-2563}
}

@ARTICLE{Lietal2013,
  author  = {Li, J. and Wang, X. and Eustace, J.},
  title   = {Detecting overlapping communities by seed community in weighted complex networks},
  journal = {Physica A.}, 
  volume  = {392},
  year    = {2013},
  pages   = {6125-6134}
}

@ARTICLE{Fabioetal2013,
  author  = {Fabio, D. R. and Fabio, D. and Carlo, P.},
  title   = {Profiling core-periphery network structure by random walkers},
  journal = {Sci. Rep.}, 
  volume  = {3},
  year    = {2013},
  pages   = {1467}
}

@ARTICLE{Chenetal2013,
  author  = {Chen, Q. and Wu, T. T. and Fang, M.},
  title   = {Detecting local community structure in complex networks based on local degree central nodes},
  journal = {Physica A.}, 
  volume  = {392},
  year    = {2013},
  pages   = {529-537}
}

@ARTICLE{Zhangetal2007,
  author  = {Zhang, S. and Wang, R. and Zhang, X.},
  title   = {Identification of overlapping community structure in complex networks using fuzzy c-means clustering},
  journal = {Physica A.}, 
  volume  = {374},
  year    = {2007},
  pages   = {483-490}
}

@ARTICLE{Nepuszetal2008,
  author  = {Nepusz, T. and Petr\'oczi, A. and N\'egyessy, L. and Bazs\'o, F.},
  title   = {Fuzzy communities and the concept of bridgeness in complex networks},
  journal = {Phys. Rev. E.}, 
  volume  = {77},
  year    = {2008},
  pages   = {016107}
}

@ARTICLE{FabricioLiang2013,
  author  = {Fabricio, B. and Liang, Z.},
  title   = {Fuzzy community structure detection by particle competition and cooperation},
  journal = {Soft Comput.}, 
  volume  = {17},
  year    = {2013},
  pages   = {659-673}
}

@ARTICLE{Sunetal2011,
  author  = {Sun, P. and Gao, L. and Han, S.},
  title   = {Identification of overlapping and non-overlapping community structure by fuzzy clustering in complex networks},
  journal = {Inf. Sci.}, 
  volume  = {181},
  year    = {2011},
  pages   = {1060-1071}
}

@ARTICLE{Wangetal2013,
  author  = {Wang, W. and Liu, D. and Liu, X. and Pan, L.},
  title   = {Fuzzy overlapping community detection based on local random walk and multidimensional scaling},
  journal = {Physica A.}, 
  volume  = {392},
  year    = {2013},
  pages   = {6578-6586}
}

@ARTICLE{Psorakisetal2011,
  author  = {Psorakis, I. and Roberts, S. and Ebden, M. and Sheldon, B.},
  title   = {Overlapping community detection using Bayesian non-negative matrix factorization},
  journal = {Phys. Rev. E.}, 
  svolume  = {83},
  year    = {2011},
  pages   = {066114}
}

@CONFERENCE{ZhangYeung2012,
  author  = {Zhang, Y. and Yeung, D.},
  title   = {Overlapping Community Detection via Bounded Nonnegative Matrix Tri-Factorization},
  booktitle = {In Proc. ACM SIGKDD Conf.}, 
  year    = {2012},
  pages   = {606-614}
}

@ARTICLE{Liu2010,
  author  = {Liu, J.},
  title   = {Fuzzy modularity and fuzzy community structure in networks},
  journal = {Eur. Phys. J. B.}, 
  volume  = {77},
  year    = {2010},
  pages   = {547-557}
}

@ARTICLE{Havensetal2013,
  author  = {Havens, T. C. and Bezdek, J. C. and Leckie, C., Ramamohanarao, K. and Palaniswami, M.},
  title   = {A Soft Modularity Function For Detecting Fuzzy Communities in Social Networks},
  journal = {IEEE Trans. Fuzzy Syst.}, 
  volume  = {21},
  year    = {2013},
  pages   = {1170-1175}
}



@ARTICLE{SubeljBajec2012,
  author  = {\v{S}ubelj, L. and Bajec, M.},
  title   = {Ubiquitousness of link-density and link-pattern communities in real-world networks},
  journal = {Eur. Phys. J. B.}, 
  volume  = {85},
  year    = {2012},
  pages   = {1-11}
}

@ARTICLE{Lancichinettietal2008,
  author  = {Lancichinetti, A. and Fortunato, S. and Radicchi, F.},
  title   = {Benchmark graphs for testing community detection algorithms},
  journal = {Phys. Rev. E.}, 
  volume  = {78},
  year    = {2008},
  pages   = {046110}
}

@ARTICLE{Liuetal2014,
  author  = {Liu, W. and Pellegrini, M. and Wang, X.},
  title   = {Detecting Communities Based on Network Topology},
  journal = {Sci. Rep.}, 
  volume  = {4},
  year    = {2014},
  pages   = {5739}
}

@ARTICLE{Danonetal2005,
  author  = {Danon, L. and Diaz-Guilera, A. and Duch, J. and Arenas, A.},
  title   = {Comparing community structure identification},
  journal = {J. Stat. Mech.-Theory Exp.}, 
  volume  = {},
  year    = {2005},
  pages   = {P09008}
}

@ARTICLE{Gregory2011,
  author  = {Gregory, S.},
  title   = {Fuzzy overlapping communities in networks},
  journal = {J. Stat. Mech.-Theory Exp.}, 
  volume  = {},
  year    = {2011},
  pages   = {P02017}
}

@ARTICLE{LancichinettiFortunato2009,
  author  = {Lancichinetti, A. and Fortunato, S.},
  title   = {Benchmarks for testing community detection algorithms on directed and weighted graphs with overlapping communities},
  journal = {Phys. Rev. E.}, 
  volume  = {80},
  year    = {2009},
  pages   = {016118}
}

@CONFERENCE{HullermeierRifqi2009,
  author  = {Hullermeier, E. and Rifqi, M.},
  title   = {A Fuzzy Variant of the Rand Index for Comparing Clustering Structures},
  booktitle = {in Proc. IFSA/EUSFLAT Conf.}, 
  year    = {2009},
  pages   = {1294-1298}
}


@online{Sing2020,
  author={SING},
  institution={University of Vigo},
  title={Deep Learning for Polyp Detection and Classification in Colonoscopy},
  year={2020},
  url={https://github.com/sing-group/deep-learning-colonoscopy},
  urldate={2020-02-03}
}

@CONFERENCE{Blokus2012,
  author  = {Blokus, Adam and Brzeski, Adam and Cychnerski, Jan and Dziubich, Tomasz and J{\k{e}}drzejewski, Mateusz},
  title   = {Real-Time Gastrointestinal Tract Video Analysis on a Cluster Supercomputer},
  booktitle = {7th International Conference on Dependability and Complex Systems (DepCoS-RELCOMEX)}, 
  year    = {2012},
  pages   = {55-68}
}

@ARTICLE{Krawczyk2012,
  author  = {Krawczyk, Henryk and Czarnul, Paweł and Dziubich, Tomasz},
  title   = {Evaluation of multimedia applications in a cluster oriented environment},
  journal = {Metrology and Measurement Systems}, 
  volume  = {2},
  year    = {2012},
  pages   = {177-190}
}



article{Zoph2017,
archivePrefix = {arXiv},
arxivId = {1707.07012},
author = {Zoph, Barret and Vasudevan, Vijay and Shlens, Jonathon and Le, Quoc V.},
eprint = {1707.07012},
file = {:home/guillaume/.local/share/data/Mendeley Ltd./Mendeley Desktop/Downloaded/Zoph et al. - 2017 - Learning Transferable Architectures for Scalable Image Recognition.pdf:pdf},
month = {jul},
title = {{Learning Transferable Architectures for Scalable Image Recognition}},
url = {http://arxiv.org/abs/1707.07012},
year = {2017}
}

@inproceedings{Zoph2017,
  title={Learning transferable architectures for scalable image recognition},
  author={Zoph, Barret and Vasudevan, Vijay and Shlens, Jonathon and Le, Quoc V},
  booktitle={Proceedings of the IEEE conference on computer vision and pattern recognition},
  pages={8697--8710},
  year={2018}
}




@misc{howard2017mobilenets,
  author = {Howard, Andrew G. and Zhu, Menglong and Chen, Bo and Kalenichenko, Dmitry and Wang, Weijun and Weyand, Tobias and Andreetto, Marco and Adam, Hartwig},
  biburl = {https://www.bibsonomy.org/bibtex/2c5c68e31f5b5dea865fb7feacc5757c2/tgandor},
  description = {MobileNets: Efficient Convolutional Neural Networks for Mobile Vision
  Applications},
  interhash = {962bc072d9243f18fac8a2ef7663970b},
  intrahash = {c5c68e31f5b5dea865fb7feacc5757c2},
  keywords = {cnn deep_learning mobile object_detection performance},
  note = {cite arxiv:1704.04861},
  timestamp = {2018-09-19T23:41:18.000+0200},
  title = {MobileNets: Efficient Convolutional Neural Networks for Mobile Vision
  Applications},
  url = {http://arxiv.org/abs/1704.04861},
  year = 2017
}


@InProceedings{Szegedy_2016_CVPR,
author = {Szegedy, Christian and Vanhoucke, Vincent and Ioffe, Sergey and Shlens, Jon and Wojna, Zbigniew},
title = {Rethinking the Inception Architecture for Computer Vision},
booktitle = {The IEEE Conference on Computer Vision and Pattern Recognition (CVPR)},
month = {June},
year = {2016}
}


@article{szczypinski2014texture,
  title={Texture and color based image segmentation and pathology detection in capsule endoscopy videos},
  author={Szczypi{\'n}ski, Piotr and Klepaczko, Artur and Pazurek, Marek and Daniel, Piotr},
  journal={Computer methods and programs in biomedicine},
  volume={113},
  number={1},
  pages={396--411},
  year={2014},
  publisher={Elsevier}
}

@article{szczypinski2012,
  author       = {Szczypi{\'n}ski, Piotr M.}, 
  title        = {Komputerowa analiza obrazów z endoskopu bezprzewodowego dla diagnostyki medycznej},
  journal = {Zeszyty naukowe Politechniki Łódzkiej},
  year    = {2012},
  number  = {1119 (426)},
  XXpages   = {1-142},
  note    = {Habilitation thesis [in Polish]}, 
  XXissn = {0137-4834}
}

@inproceedings{szczypinski2017qmazda,
  title={QMaZda—Software tools for image analysis and pattern recognition},
  author={Szczypi{\'n}ski, Piotr M and Klepaczko, Artur and Kocio{\l}ek, Marcin},
  booktitle={2017 Signal Processing: Algorithms, Architectures, Arrangements, and Applications (SPA)},
  pages={217--221},
  year={2017},
  organization={IEEE}
}
